<record><leader>00000cas a22000007a 4500</leader><controlfield tag="001">18695206</controlfield><controlfield tag="008">881101d19081911nduwr ne      0    0ger d</controlfield><datafield ind1=" " ind2=" " tag="010"><subfield code="a">sn 88076701 </subfield></datafield><datafield ind1=" " ind2=" " tag="040"><subfield code="a">NOP</subfield><subfield code="b">eng</subfield><subfield code="c">NOP</subfield><subfield code="d">OCLCQ</subfield></datafield><datafield ind1=" " ind2=" " tag="042"><subfield code="a">msc</subfield></datafield><datafield ind1="0" ind2="0" tag="245"><subfield code="a">Nord-Dakota Staats-Zeitung.</subfield></datafield><datafield ind1=" " ind2=" " tag="260"><subfield code="a">Denhoff, McLean County, Nord-Dakota :</subfield><subfield code="b">Friedrich Kehrer</subfield></datafield><datafield ind1=" " ind2=" " tag="300"><subfield code="a">v. :</subfield><subfield code="b">ill. ;</subfield><subfield code="c">56 cm.</subfield></datafield><datafield ind1=" " ind2=" " tag="310"><subfield code="a">Weekly</subfield></datafield><datafield ind1="0" ind2=" " tag="362"><subfield code="a">Jahr. 3, nr. 47 (Nov. 27, 1908)-Jahr. 6, nr. 33 (Aug. 25, 1911).</subfield></datafield><datafield ind1=" " ind2=" " tag="500"><subfield code="a">Place of publication varies: Denhoff, N.D., Nov. 27, 1908-Jan. 5, 1909, McClusky, N.D., Mar. 12, 1909-Aug. 25, 1911.</subfield></datafield><datafield ind1=" " ind2=" " tag="530"><subfield code="a">Available on microfilm from the State Historical Society of North Dakota.</subfield></datafield><datafield ind1=" " ind2=" " tag="752"><subfield code="a">United States</subfield><subfield code="b">North Dakota</subfield><subfield code="c">Sheridan</subfield><subfield code="d">McClusky.</subfield></datafield><datafield ind1=" " ind2=" " tag="752"><subfield code="a">United States</subfield><subfield code="b">North Dakota</subfield><subfield code="c">McLean</subfield><subfield code="d">Denhoff.</subfield></datafield><datafield ind1="0" ind2="0" tag="780"><subfield code="t">Dakota Staats-Zeitung</subfield><subfield code="w">(DLC)sn 88076697</subfield></datafield><datafield ind1="0" ind2="0" tag="785"><subfield code="t">State press (McClusky, N.D.)</subfield><subfield code="w">(DLC)sn 88076695</subfield></datafield></record>